
@article{mehrabi_survey_2021,
	title = {A Survey on Bias and Fairness in Machine Learning},
	url = {https://dl.acm.org/doi/10.1145/3457607},
	doi = {10.1145/3457607},
	abstract = {With the widespread use of artificial intelligence ({AI}) systems and applications in
our everyday lives, accounting for fairness has gained significant importance in designing
and engineering of such systems. {AI} systems can be used in many sensitive ...},
	journaltitle = {{ACM} Computing Surveys ({CSUR})},
	author = {Mehrabi, Ninareh and Morstatter, Fred and Saxena, Nripsuta and Lerman, Kristina and Galstyan, Aram},
	urldate = {2025-02-28},
	date = {2021-07-13},
	note = {Publisher: {ACMPUB}27New York, {NY}, {USA}},
	file = {Eingereichte Version:C\:\\Users\\nadja\\Zotero\\storage\\QZEII2L9\\MehrabiNinareh et al. - 2021 - A Survey on Bias and Fairness in Machine Learning.pdf:application/pdf;Snapshot:C\:\\Users\\nadja\\Zotero\\storage\\4SXJGKLU\\3457607.html:text/html},
}
