
@online{jayawickrama_community_2021,
	title = {Community Detection Algorithms},
	url = {https://medium.com/data-science/community-detection-algorithms-9bd8951e7dae},
	abstract = {Many of you are familiar with networks, right? You might be using social media sites such as Facebook, Instagram, Twitter, etc. They areâ€¦},
	titleaddon = {Medium},
	author = {Jayawickrama, Thamindu Dilshan},
	urldate = {2025-03-24},
	date = {2021-02-01},
	langid = {english},
	file = {Snapshot:files/937/community-detection-algorithms-9bd8951e7dae.html:text/html},
}
