@inproceedings{christen_exogenous_2020,
	address = {Budapest, Hungary},
	title = {Exogenous {Data} for {Load} {Forecasting}: {A} {Review}:},
	copyright = {All rights reserved},
	isbn = {978-989-758-475-6},
	shorttitle = {Exogenous {Data} for {Load} {Forecasting}},
	url = {https://www.scitepress.org/DigitalLibrary/Link.aspx?doi=10.5220/0010213204890500},
	doi = {10.5220/0010213204890500},
	language = {en},
	urldate = {2020-11-16},
	booktitle = {Proceedings of the 12th {International} {Joint} {Conference} on {Computational} {Intelligence}},
	publisher = {SCITEPRESS - Science and Technology Publications},
	author = {Christen, Ram√≥n and Mazzola, Luca and Denzler, Alexander and Portmann, Edy},
	year = {2020},
	keywords = {phd.mono.cited},
	pages = {489--500},
}