
@article{vickers_overview_2014,
	title = {An Overview of {EMPaCT} and Fundamental Issues Affecting Minority Participation in Cancer Clinical Trials},
	volume = {120},
	issn = {0008-543X},
	url = {https://www.ncbi.nlm.nih.gov/pmc/articles/PMC4133979/},
	doi = {10.1002/cncr.28569},
	pages = {1087--1090},
	number = {0},
	journaltitle = {Cancer},
	author = {Vickers, Selwyn M. and Fouad, Mona N.},
	urldate = {2025-03-17},
	date = {2014-04-01},
	pmid = {24643645},
	pmcid = {PMC4133979},
	annotation = {Mehrabi 150
},
	file = {PubMed Central Full Text PDF:files/780/Vickers und Fouad - 2014 - An Overview of EMPaCT and Fundamental Issues Affec.pdf:application/pdf},
}
